@INPROCEEDINGS{oatley+crick:2014,
  author =       {Giles Oatley and Tom Crick},
  title =        {{Changing Faces: Identifying Complex Behavioural Profiles}},
  booktitle =    {{Proceedings of 2nd International Conference on Human Aspects of Information Security, Privacy and Trust (HAS 2014)}},
  year =         {2014},
  publisher =    {Springer},
  series =       {Lecture Notes in Computer Science},
  volume =       {8533},
  pages =        {282--293}
}

@INPROCEEDINGS{schiaffino+amandi:2009,
  author =       {Silvia Schiaffino and Anal\'{i}a Amandi},
  title =        {{Intelligent User Profiling}},
  booktitle =    {{Artificial Intelligence: An International Perspective}},
  year =         {2009},
  publisher =    {Springer},
  series =       {Lecture Notes in Computer Science},
  volume =       {5640},
  pages =        {193--216}
}

@Article{perea-et-al:2008,
  author = 	 {M. Perea and J.A. Dunabeitia and M. Carreiras},
  title = 	 {{R34D1NG W0RD5 W1TH NUMB3R5}},
  journal = 	 {{Journal of Experimental Psychology: Human Perception and Performance}},
  year = 	 {2008},
  volume = 	 {34},
  number = 	 {1},
  pages = 	 {237--241}
}

@Misc{smith-et-al:2013,
  author = 	 {Clarissa Smith and Feona Attwood and Martin Barker},
  title = 	 {{pornresearch.org Prelininary Findings}},
  howpublished = {Available from: \url{http://www.pornresearch.org/Firstsummaryforwebsite.pdf}},
  year = 	 {2013}
}

@Article{sweeney+whissell:1984,
  author = 	 {K. Sweeney and C. Whissell},
  title = 	 {A dictionary of affect in language: I, establishment and preliminary validation},
  journal = 	 {{Perceptual and Motor Skills}},
  year = 	 {1984},
  volume = 	 {59},
  number = 	 {3},
  pages = 	 {695--698}
}

@ARTICLE{mairesse-et-al:2007,
  author =       {F. Mairesse and M. A. Walker and M. R. Mehi and R. K. Moore},
  title =        {{Using Linguistic Cues for the Automatic Recognition of Personality in Conversation and Text}},
  journal =      {{Journal of Artificial Intelligence Research}},
  volume =       {30},
  pages =        {457--500},
  year =         {2007}
}

@TechReport{millwood-hargrave:2000,
  author = 	 {Andrea Millwood-Hargrave},
  title = 	 {Delete expletives?},
  institution =  {Research undertaken jointly by the Advertising Standards Authority, British Broadcasting Corporation, Broadcasting Standards Commission and the Independent Television Commission},
  year = 	 {2000}
}

@Article{pennebaker+king:1999,
  author = 	 {J.W. Pennebaker and L.A. King},
  title = 	 {{Linguistic styles: language use as an individual difference}},
  journal = 	 {{Journal of Personality and Social Psychology}},
  year = 	 {1999},
  volume = 	 {77},
  number = 	 {6},
  pages = 	 {1296--1312}
}

@ARTICLE{vazire+gosling:2004,
  author =       {Simine Vazire and Samuel D. Gosling},
  title =        {{e-Perceptions: Personality Impressions Based on Personal Websites}},
  journal =      {{Journal of Personality and Social Psychology}},
  volume =       {87},
  number =       {1},
  pages =        {123-132},
  year =         {2004}
}

@InProceedings{iacobelli-et-al:2011,
  author = 	 {Francisco Iacobelli and Alastair J. Gill and Scott Nowson and Jon Oberlander},
  title = 	 {{Large Scale Personality Classification of Bloggers}},
  booktitle =    {{Proceedings of the 4th International Conference on Affective Computing and Intelligent Interaction (ACII 2011)}},
  pages = 	 {568--577},
  year = 	 {2011},
  volume = 	 {6975},
  series = 	 {{Lecture Notes in Computer Science}},
  publisher =    {Springer}
}

@Article{woodworth-et-al:2012,
  author = 	 {Michael Woodworth and Jeffrey Hancock and Stephen Porter and Robert Hare and Matt Logan and Mary Ellen Oâ€™Toole and Sharon Smith},
  title = 	 {{The Language of Psychopaths: New Findings and Implications for Law Enforcement}},
  journal =      {FBI Law Enforcement Bulletin},
  year = 	 {2012},
  month =        {July}
}

@InProceedings{sumner-et-al:2012,
  title = 	 {{Predicting Dark Triad Personality Traits from Twitter Usage and a Linguistic Analysis of Tweets}},
  author =       {C. Sumner and A. Byers and R. Boochever and G. J. Park},
  year = 	 {2012},
  booktitle =    {{Proceedings of the 11th International Conference on Machine Learning and Applications (ICMLA 2012)}},
  publisher =    {IEEE Press}
}

@INPROCEEDINGS{blamey-et-al-2012,
  author =       {Benjamin Blamey and Tom Crick and Giles Oatley},
  title =        {{R U :-) or :-( ? Character- vs. Word-Gram Feature Selection for Sentiment Classification of OSN Corpora}},
  booktitle =    {Research and Development in Intelligent Systems XXIX, Proceedings of the 32nd SGAI International Conference on Artificial Intelligence (AI-2012)},
  pages =        {207--212},
  publisher =    {Springer},
  year =         {2012}
}

@INPROCEEDINGS{blamey-et-al-2013,
  author =       {Benjamin Blamey and Tom Crick and Giles Oatley},
  title =        {{`The First Day of Summer': Parsing Temporal Expressions with Distributed Semantics}},
  booktitle =    {Research and Development in Intelligent Systems XXX, Proceedings of the 33rd SGAI International Conference on Artificial Intelligence (AI-2013)},
  year =         {2013},
  pages =        {389--402}
}

@Article{back-et-al:2010,
  author = 	 {Mitja D. Back and Juliane M. Stopfer and Simine Vazire and Sam Gaddis and Stefan C. Schmukle and Boris Egloff and Samuel D. Gosling},
  title = 	 {{Facebook Profiles Reflect Actual Personality, Not Self-Idealization}},
  journal = 	 {{Psychological Science}},
  year = 	 {2010},
  volume = 	 {21},
  number = 	 {3},
  pages = 	 {372--374}
}

@InProceedings{golbeck-et-al:2001,
  author = 	 {Jennifer Golbeck and Cristina Robles and Karen Turner},
  title = 	 {Predicting personality with social media},
  booktitle =    {Proceedings of Human Factors in Computing Systems (CHI'11)},
  year = 	 {2011},
  pages = 	 {253--262},
  publisher =    {ACM Press}
}

@InBook{chung+pennebaker:2007,
  author = 	 {Cindy Chung and James W. Pennebaker},
  title = 	 {{Social Communication: Frontiers of Social Psychology}},
  chapter = 	 {The psychological function of function words},
  publisher = 	 {Psychology Press},
  year = 	 {2007},
  pages = 	 {343--359}
}

@Article{tausczik+pennebaker:2010,
  author = 	 {Yla R. Tausczik and James W. Pennebaker},
  title = 	 {{The Psychological Meaning of Words: LIWC and Computerized Text Analysis Methods}},
  journal = 	 {{Journal of Language and Social Psychology}},
  year = 	 {2010},
  volume = 	 {29},
  number = 	 {1},
  pages = 	 {24--54}
}

@InProceedings{mohammad+kiritchenko:2013,
  author = 	 {Saif M. Mohammad and Svetlana Kiritchenko},
  title = 	 {{Using Nuances of Emotion to Identify Personality}},
  booktitle =    {{Proceedings of the ICWSM Workshop on Computational Personality Recognition}},
  year = 	 {2013}
}

@Proceedings{celli-et-al:2013,
  title = 	 {{Workshop on Computational Personality Recognition (Shared Task)}},
  year = 	 {2013},
  booktitle =    {{Proceedings of 7th International AAAI Conference on Weblogs and Social Media (ICWSM-13)}},
  editor = 	 {F. Celli and F. Pianesi and D. Stillwell and M. Kosinski}
}

@Misc{pennebaker-et-al:2001,
  author = 	 {J.W. Pennebaker and M.E. Francis and R.J. Booth},
  title = 	 {{Linguistic Inquiry and Word Count}},
  howpublished = {{Erlbaum Publishers}},
  year = 	 {2001}
}

@Article{wilson:1988,
  author = 	 {Michael Wilson},
  title = 	 {{The MRC Psycholinguistic Database: Machine Readable Dictionary, Version 2.00}},
  journal = 	 {{Behavior Research Methods, Instruments \& Computers}},
  year = 	 {1988},
  volume = 	 {20},
  number = 	 {1},
  pages = 	 {6--10}
}

@ARTICLE{norman:1963,
  author =       {Warren T. Norman},
  title =        {{Toward an adequate taxonomy of personality attributes: Replicated factor structure in peer nomination personality ratings}},
  journal =      {{Journal of Abnormal and Social Psychology}},
  volume =       {66},
  number =       {6},
  pages =        {574--583},
  year =         {1963}
}

@Article{peabody+goldberg:1989,
  author = 	 {D. Peabody and L.R. Goldberg},
  title = 	 {{Some determinants of factor structures from personality-trait descriptor}},
  journal = 	 {{Journal of Personality and Social Psychology}},
  year = 	 {1989},
  volume = 	 {57},
  number = 	 {3},
  pages = 	 {552--567}
}

@ARTICLE{chernoff:1973,
  author =       {Herman Chernoff},
  title =        {{The Use of Faces to Represent Points in k-Dimensional Space Graphically}},
  journal =      {{Journal of the American Statistical Association}},
  year =         {1973},
  volume =       {68},
  number =       {342},
  pages =        {361--368}
}

@ARTICLE{eysenck:1992,
  author =       {H. J. Eysenck},
  title =        {{Four ways five factors are not basic}},
  journal =      {{Personality and Individual Differences}},
  year =         {1992},
  volume =       {13},
  number =       {6},
  pages =        {667--673}
}

@ARTICLE{paunonen+jackson:2000,
  author =       {S. V. Paunonen and D. N. Jackson},
  title =        {{What is beyond the Big Five? Plenty!}},
  journal =      {{Journal of Personality}},
  year =         {2000},
  volume =       {68},
  number =       {5},
  pages =        {821--836}
}

@ARTICLE{block:2010,
  author =       {Jack Block},
  title =        {{The Five-Factor Framing of Personality and Beyond: Some Ruminations}},
  journal =      {{Psychological Inquiry}},
  year =         {2010},
  volume =       {21},
  number =       {1},
  pages =        {2--25}
}

@ARTICLE{szirmak+deraad:1994,
  author =       {Zs\'{o}fia Szirm\'{a}k and Boele {De Raad}},
  title =        {{Taxonomy and structure of Hungarian personality traits}},
  journal =      {{European Journal of Personality}},
  year =         {1994},
  volume =       {8},
  number =       {2},
  pages =        {95--117}
}

@ARTICLE{defruyt-et-al:2004,
  author =       {Filip {De Fruyt} and Robert R. McCrae and Zs\'{o}fia Szirm\'{a}k and J\'{a}nos Nagy},
  title =        {{The Five-Factor Personality Inventory as a Measure of the Five-Factor Model: Belgian, American, and Hungarian Comparisons with the NEO-PI-R}},
  journal =      {{Assessment}},
  year =         {2004},
  volume =       {11},
  number =       {3},
  pages =        {207--215}
}

@Manual{costa+mccrae:1992,
  title = 	 {{Neo PI-R Professional Manual}},
  author = 	 {Paul T. Costa and Robert R. McCrae},
  organization = {{Psychological Assessment Resources}},
  year = 	 {1992}
}

@Book{cattell:1946,
  author = 	 {R. B. Cattell},
  title = 	 {The description and measurement of personality},
  publisher = 	 {Harcourt, Brace \& World},
  year = 	 {1946}
}

@Book{eysenck:1947,
  author = 	 {H. J. Eysenck},
  title = 	 {{Dimensions of Personality}},
  publisher = 	 {Routledge \& Kegan Paul},
  year = 	 {1947}
}

@Book{tufte:2001,
  author = 	 {Edward R. Tufte},
  title = 	 {{The Visual Display of Quantitative Information}},
  publisher = 	 {Graphics Press USA},
  year = 	 {2001},
  edition = 	 {2nd}
}

@Book{tufte:1997,
  author = 	 {Edward R. Tufte},
  title = 	 {{Visual Explanations: Images and Quantities, Evidence and Narrative}},
  publisher = 	 {Graphics Press USA},
  year = 	 {1997}
}

@Book{tufte:1990,
  author = 	 {Edward R. Tufte},
  title = 	 {{Envisioning Information}},
  publisher = 	 {Graphics Press USA},
  year = 	 {1990}
}

@InProceedings{ritter-et-al:2011,
  author = 	 {Alan Ritter and Sam Clark and Mausam and Oren Etzioni},
  title = 	 {Named entity recognition in tweets: an experimental study},
  booktitle =    {{Proceedings of the 2011 Conference on Empirical Methods in Natural Language Processing (EMNLP'11)}},
  year = 	 {2011},
  pages = 	 {1524--1534}
}

@InProceedings{brody+diakopoulos:2011,
  author = 	 {Samuel Brody and Nicholas Diakopoulos},
  title = 	 {Cooooooooooooooollllllllllllll!!!!!!!!!!!!!!: using word lengthening to detect sentiment in microblogs},
  booktitle =    {{Proceedings of the 2011 Conference on Empirical Methods in Natural Language Processing (EMNLP'11)}},
  year = 	 {2011},
  pages = 	 {562--570}
}

@InCollection{oatley+howell:2013,
  author = 	 {Giles Oatley and Ray Howell},
  title = 	 {GIS viewsheds and social network analysis for the archaeological interpretation of iron age hillforts in south-east Wales},
  booktitle = 	 {{Silurian Studies: Volume 1: Occasional Papers Paperback}},
  series =       {{South Wales Centre for Historical \& Interdisciplinary Research}},
  pages = 	 {11--35},
  year = 	 {2013}
}

@ARTICLE{oatley-et-al:2006,
  author =       {Giles Oatley and Kenneth McGarry and Brian Ewart},
  title =        {{Offender Network Metrics}},
  journal =      {{WSEAS Transactions on Information Science \& Applications}},
  year =         {2006},
  volume =       {12},
  number =       {3},
  pages =        {2440--2448}
}

@Article{rentfrow+gosling:2006,
  author = 	 {Peter J. Rentfrow and Samuel D. Gosling},
  title = 	 {{Message in a Ballad: The Role of Music Preferences in Interpersonal Perception}},
  journal = 	 {{Psychological Science}},
  year = 	 {2006},
  volume = 	 {17},
  number = 	 {3},
  pages = 	 {236--242}
}

@Article{wells+thelen:2002,
  author = 	 {Meredith Wells and Luke Thelen},
  title = 	 {{What Does Your Workspace Say about You? The Influence of Personality, Status, and Workspace on Personalization}},
  journal = 	 {{Environment and Behavior}},
  year = 	 {20062},
  volume = 	 {34},
  number = 	 {3},
  pages = 	 {300--321}
}